%este es el formato com�n de citar art�culos. El formato Bibtex facilita el trabajo.



@book{chen,
  title={The Mathematics of Poker},
  author={Chen, B. and Ankenman, J.},
  isbn={9781886070257},
  lccn={2006924665},
  url={https://books.google.es/books?id=bgNGPQAACAAJ},
  year={2006},
  publisher={ConJelCo LLC}
}

@book{RDataScience,
  title={Practical Data Science with R},
  author={Zumel, N. and Mount, J.},
  isbn={9781617291562},
  lccn={2012474617},
  url={https://books.google.es/books?id=tJ-HngEACAAJ},
  year={2014},
  publisher={Manning Publications}
}

@book{Gametheory,
  title={A Course in Game Theory},
  author={Osborne, M.J. and Rubinstein, A.},
  isbn={9780262650403},
  lccn={94008308},
  series={The MIT Press},
  url={https://books.google.es/books?id=5ntdaYX4LPkC},
  year={1994},
  publisher={MIT Press}
}

@book{sklansky,
  title={Hold 'em Poker for Advanced Players},
  author={Sklansky, D. and Malmuth, M.},
  isbn={9781880685228},
  series={Advance Player},
  url={https://books.google.es/books?id=pV1JlAqLTiYC},
  year={1999},
  publisher={Two Plus Two Pub.}
}

@book{krieger,
  title={Hold'em Excellence: From Beginner to Winner},
  author={Krieger, L.},
  isbn={9781886070141},
  lccn={00106647},
  url={https://books.google.es/books?id=7iZBBwAAQBAJ},
  year={2000},
  publisher={ConJelCo}
}

@book{knuth,
  title={Art of Computer Programming, Volume 4, Fascicle 4,The: Generating All Trees--History of Combinatorial Generation},
  author={Knuth, D.E.},
  isbn={9780132702348},
  url={https://books.google.es/books?id=56LNfE2QGtYC},
  year={2013},
  publisher={Pearson Education}
}


@ARTICLE{Billings,
  author = {Billings, D. et al.},
  title = {The challenge of poker},
  journal = {Artificial Intelligence},
  year = {2002},
  volume = {134},
  pages = {201-240},
  doi = {0004-3702/01/S},
  owner = {Billings}
}

@ARTICLE{libratusScience,
  author = {Brown, N. and Sandholm, T.},
  title = {Superhuman AI for multiplayer poker},
  journal = {Science},
  year = {2019},
  doi = {10.1126/science.aay2400},
}

@ARTICLE{libratusScience2,
  author = {Brown, N. and Sandholm, T.},
  title = {Superhuman AI for heads-up no-limit poker: Libratus beats top professionals},
  journal = {Science},
  year = {2018},
  volume = {359},
  number = {6374},
  pages = {418-424},
  doi = {10.1126/science.aao1733},
}

@ARTICLE{chinook,
  author = {Schaeffer, J.  et al},
  title = {Checkers is Solved},
  journal = {Science},
  year = {2007},
  volume = {317},
  number = {1518},
  pages = {1518-1522},
  doi = {10.1126/science.1144079},
}

@ARTICLE{deepblue1,
  author = {Schaeffer, J.  and Plaat, A.},
  title = {Kasparov versus Deep Blue: The Re-match},
  journal = {ICCA Journal},
  year = {1997},
  volume = {20},
  number = {2},
  pages = {90-102},
   doi = {10.1126/science.1144079},
}
@article{Go,
  author = {Silver, D.  et al},
  title = {Mastering the game of Go with deep neural networks and tree search},
  journal = {Nature},
  year = {2016},
 volume = {529},
  number = {7587},
  pages = {484--489},
  doi = {10.1038/nature16961},
}

@online{holdem,
 author = {Schoenberg, F. P.  and Shao, Y.},
  title = {holdem: Texas Holdem Simulator},
  year = 2017,
howpublished = {\url{https://cran.r-project.org/package=holdem}},
urldate = {2017-08-28}
}

@online{kiss1,
  author = {Shinobu},
  title = {The KISS PRNG (2011 version) in C and Haskell},
  year = 2012,
  howpublished = {\url{https://zuttobenkyou.wordpress.com/2012/05/01/kiss-2011-version-in-c-and-haskell/}},
  urldate = {2012-05-01}
}


@online{kiss2,
  author = {geo},
  title = {64-bits KISS RNGs},
  year = 2009,
  howpublished = {\url{https://www.thecodingforums.com/threads/64-bit-kiss-rngs.673657/}},
  urldate = {2009-02-28}
}

@online{seed,
  author = {Tsakalaki, E.},
  title = {MSC32-C. Properly seed pseudorandom number generators},
  year = 2019,
  howpublished = {\url{https://wiki.sei.cmu.edu/confluence/display/c/MSC32-C.+Properly+seed+pseudorandom+number+generators}},
  urldate = {2019-08-30}
}

@online{gametree,
  author = {Eklov, E},
  title = {Game Complexity 1: State-Space and Game-Tree Complexities},
  year = 2019,
  howpublished ={\url{https://www.pipmodern.com/post/complexity-state-space-game-tree}},
  urldate = {2019-03-21}
}

@online{pokertypes,
  author = {The Casino At Dania Beach},
  title = {POKER 101: LEARN HOW TO PLAY THE MOST POPULAR TYPE},
  year = 2019,
  howpublished = {\url{ https://www.casinodaniabeach.com/most-popular-types-of-poker/}},
  urldate = {2019-08-14}
}

@online{howto,
  author = {Card Player},
  title = {How to play Various Poker Games},
  year = 2020,
  howpublished = {\url{https://www.cardplayer.com/rules-of-poker/how-to-play-poker}},
  urldate = {2020-01-15}
}

@online{bridge,
  author = {Bicycle},
  title = "Bridge",
  year = 2020,
  howpublished = {\url{https://bicyclecards.com/how-to-play/bridge/r}},
  urldate = {2020-02-20}
}
@online{blackjack,
  author = {Bicycle},
  title = {Blackjack},
  year = 2020,
  howpublished = {\url{https://bicyclecards.com/how-to-play/blackjack/}},
  urldate = {2020-02-20}
}

@online{pnrg,
  author = {Bicycle},
  title = {Blackjack},
  year = 2020,
  howpublished = {\url{https://bicyclecards.com/how-to-play/blackjack/}},
  urldate = {2020-02-20}
}

@online{r-project,
 author = {The R Project},
  title = {The R Project for Statistical Computing},
  year = 2020,
howpublished = {\url{https://www.r-project.org/}},
urldate = {2020-06-9}
}



@online{api1,
 author = {MuleSoft},
  title = {What is an API? (Application Programming Interface)},
  year = 2020,
howpublished = {\url{https://www.mulesoft.com/resources/api/what-is-an-api}},
urldate = {2020-05-18}
}

@online{api2,
 author = {BBVAOPEN4U},
  title = {API REST: qué es y cuáles son sus ventajas en el desarrollo de proyectos},
  year = 2016,
howpublished = {\url{https://bbvaopen4u.com/es/actualidad/api-rest-que-es-y-cuales-son-sus-ventajas-en-el-desarrollo-de-proyectos}},
urldate = {2018-03-23}
}


@online{truerandom,
 author = {Hoffman, C.},
  title = {How Computers Generate Random Numbers},
  year = 2016,
howpublished = {\url{https://bbvaopen4u.com/es/actualidad/api-rest-que-es-y-cuales-son-sus-ventajas-en-el-desarrollo-de-proyectos}},
urldate = {2018-03-23}
}

@online{rand,
 author = {codeforces},
  title = {Don't use rand(): a guide to random number generators in C++},
  year = 2018,
howpublished = {\url{https://codeforces.com/blog/entry/61587}},
urldate = {2018-09-02}
}

@online{rplumber,
 author = {Trestle Technology, LLC},
  title = {Plumber},
  year = 2015,
howpublished = {\url{https://www.rplumber.io/}},
urldate = {2015-07-13}
}
@online{curl,
 author = {Stenberg, D.},
  title = {curl: command line tool and library for transferring data with URLs},
  year = 2020,
howpublished = {\url{https://curl.haxx.se/}},
urldate = {2020-04-29}
}
@online{rapidjson,
 author = {Tencent},
  title = {RapidJSON Documentation},
  year = 2016,
howpublished = {\url{https://rapidjson.org/}},
urldate = {2016-08-25}
}

@online{vpk,
 author = {Microsoft},
  title = {vcpkg: un administrador de paquetes de C++ para Windows, Linux y MacOS},
  year = 2020,
howpublished = {\url{https://docs.microsoft.com/es-es/cpp/build/vcpkg?view=vs-2019}},
urldate = {2020-10-01}
}

@online{mus,
 author = {Fournier},
  title = {El Mus},
  year = 2020,
howpublished = {\url{https://www.nhfournier.es/como-jugar/mus/}},
urldate = {2020-10-01}
}

@online{mus2,
 author = {LudoteKa},
  title = {Mus a 4 Reyes},
  year = 2020,
howpublished = {\url{http://www.ludoteka.com/mus-a-4-reyes.html}},
urldate = {2020-10-01}
}

@online{gantt,
 author = {Villanueva, C.},
  year = 2018,
title = {¿Qué es y para qué sirve un diagrama de Gantt?},
  howpublished = {\url{https://blog.teamleader.es/diagrama-de-gantt}},
urldate = {2018-12-17}
}

@online{histo,
 author = {Universo Fórmulas},
  year = 2014,
title = {Histograma},
  howpublished = {\url{https://www.universoformulas.com/estadistica/descriptiva/histograma/}},
urldate = {2018-12-17}
}


@MISC{mesa,
 author = {Roke\texttildelow commonswiki},
  name = {Blackjack_game_example.JPG},
  year = 2019,
  howpublished  ={\url{https://upload.wikimedia.org/wikipedia/commons/e/ec/Blackjack_game_example.JPG}},
  urldate = {2019-11-04}
}


@MISC{holdem_mesa,
 author = {Drm0hr and Hazmat2},
  name = {Texas Hold'em Poker Table with Blinds.svg},
  year = 2012,
  howpublished  ={\url{https://upload.wikimedia.org/wikipedia/commons/c/c0/Texas_Hold\%27em_Poker_Table_with_Blinds.svg}},
  urldate = {2012-07-18}
}

@MISC{propiaExcel,
 author = {Gráfica de creación propia usando Excel 2019},
  year = 2020,
}

@MISC{propiaChen,
 author = {Tabla de creación propia usando Excel 2019},
  year = 2020,
}


@MISC{propiaPaint,
 author = {Esquema de creación propia usando la herramienta Paint},
  year = 2020,
}

@MISC{propiaCreately,
 author = {Diagrama de flujo de creación propia utilizando el software online de Creately},
  year = 2020,
  howpublished  ={\url{https://creately.com/es/lp/software-de-diagrama-de-flujo/}},
}



@paper{abstraction,
	author = {Sandholm, T.},
	title = {Abstraction for Solving Large Incomplete-Information Games},
	conference = {AAAI Conference on Artificial Intelligence},
	year = {2015},
	url = {https://www.aaai.org/ocs/index.php/AAAI/AAAI15/paper/view/10039/9692}
}

@paper{doctor,
	author = {Billings, D.},
	title = {lgorithms and assessment in computer Poker},
	conference = {Universidad de Alberta},
	year = {2006},
}
